% -*- coding: utf-8 -*-

@article{Li2002Unsupervised,
  title={Unsupervised Learning with Mixed Numeric and Nominal Data.},
  author={Li, Cen and Biswas, Gautam},
  journal={Knowledge \& Data Engineering IEEE Transactions on},
  volume={14},
  number={4},
  pages={673-690},
  year={2002},
}

@article{Ahmad2007A,
  title={A k -mean clustering algorithm for mixed numeric and categorical data},
  author={Ahmad, Amir and Dey, Lipika},
  journal={Data \& Knowledge Engineering},
  volume={63},
  number={2},
  pages={503-527},
  year={2007},
}

@article{李佩2005Agent,
  title={Agent-Based Data Mining Framework for the High-Dimensional Environment},
  author={李佩 and 刘玉树},
  journal={北京理工大学学报(英文版)},
  volume={14},
  number={2},
  pages={113-116},
  year={2005},
}

@article{Pan2006Incorporating,
  title={Incorporating Domain Knowledge into Data Mining Process: An Ontology Based Framework},
  author={Pan, Ding and Shen, Jun Yi and Zhou, Mu Xin},
  journal={武汉大学学报(自然科学英文版)},
  volume={11},
  number={1},
  pages={165-169},
  year={2006},
}

@inproceedings{Qian2009A,
  title={A New Study of DSS Based on Neural Network and Data Mining},
  author={Qian, Xianyi and Wang, Xianjun},
  booktitle={International Conference on E-Business and Information System Security},
  pages={1-4},
  year={2009},
}

@article{Miller2015A,
  title={A Comparison of Educational Statistics and Data Mining Approaches to Identify Characteristics That Impact Online Learning.},
  author={Miller, L. Dee and Soh, Leen Kiat and Samal, Ashok and Kupzyk, Kevin and Nugent, Gwen},
  journal={Journal of Educational Data Mining},
  volume={7},
  number={3},
  pages={737-741},
  year={2015},
}

@inproceedings{Tsantis2001Enhancing,
  title={Enhancing Learning Environments through Solution-based Knowledge Discovery Tools: Forecasting for Self-Perpetuating Systemic Reform},
  author={Tsantis, Linda and Castellani, John},
  pages={39--52},
  year={2001},
}

@inproceedings{Sharma2015An,
  title={An application of data mining to improve personnel performance evaluation in higher education sector in India},
  author={Sharma, Mugdha and Goyal, Ankit},
  booktitle={Computer Engineering and Applications},
  pages={559-564},
  year={2015},
}

@book{Zhang2004Discovering,
  title={Discovering golden nuggets: data mining in financial application},
  author={Zhang, Dongsong and Zhou, Lina},
  publisher={IEEE Press},
  pages={513-522},
  year={2004},
}

@article{任新社2016关于数据挖掘研究现状及发展趋势的探究,
  title={关于数据挖掘研究现状及发展趋势的探究},
  author={任新社 and 陈静远},
  journal={信息通信},
  number={2},
  pages={171-172},
  year={2016},
}

@article{邵金楠2017经典贝叶斯决策理论概述,
  title={经典贝叶斯决策理论概述},
  author={邵金楠},
  journal={小作家选刊},
  number={9},
  year={2017},
}

@article{陈希孺1989最小一乘线性回归,
  title={最小一乘线性回归(下)},
  author={陈希孺},
  journal={数理统计与管理},
  number={6},
  pages={48-55},
  year={1989},
}

@article{黄河燕2016大数据情报分析发展机遇及其挑战,
  title={大数据情报分析发展机遇及其挑战},
  author={黄河燕 and 曹朝 and 冯冲},
  journal={智能系统学报},
  volume={11},
  number={6},
  pages={719-727},
  year={2016},
}

@article{Feyyad1996Fayyad,
  title={Fayyad, U.M.: Data mining and knowledge discovery: making sense out of data. IEEE Expert 11(5), 20-25},
  author={Feyyad, U. M.},
  journal={IEEE Expert},
  volume={11},
  number={5},
  pages={20-25},
  year={1996},
}

@book{Ryaboy2013Scaling,
  title={Scaling big data mining infrastructure: the twitter experience},
  author={Ryaboy, Dmitriy and Ryaboy, Dmitriy},
  publisher={ACM},
  pages={6-19},
  year={2013},
}

@article{Sun2012Mining,
  title={Mining heterogeneous information networks: a structural analysis approach},
  author={Sun, Yizhou and Han, Jiawei},
  journal={Acm Sigkdd Explorations Newsletter},
  volume={14},
  number={2},
  pages={20-28},
  year={2012},
}

@article{Kang2013Big,
  title={Big graph mining:algorithms and discoveries},
  author={Kang, U. and Faloutsos, Christos},
  journal={Acm Sigkdd Explorations Newsletter},
  volume={14},
  number={2},
  pages={29-36},
  year={2013},
}

@article{Amatriain2013Mining,
  title={Mining large streams of user data for personalized recommendations},
  author={Amatriain, Xavier},
  journal={Acm Sigkdd Explorations Newsletter},
  volume={14},
  number={2},
  pages={37-48},
  year={2013},
}

@article{Barab1999Emergence,
  title={Emergence of Scaling in Random Networks},
  author={Barabási, Albertlászló and Albert, Réka},
  year={1999},
}

@article{Erdos1959On,
  title={On random graphs},
  author={Erdos, P. and Renyi, A.},
  journal={Publicationes Mathematicae},
  volume={6},
  number={4},
  pages={290-297},
  year={1959},
}

@article{Watts1998Collective,
  title={Collective dynamics of |[lsquo]|small-world|[rsquo]| networks},
  author={Watts, Duncan J. and Strogatz, Steven H.},
  journal={Nature},
  volume={393},
  pages={440-442},
  year={1998},
}


@article{Newman2000Mean,
  title={Mean-field solution of the small-world network model.},
  author={Newman, M. E. and Moore, C and Watts, D. J.},
  journal={Physical Review Letters},
  volume={84},
  number={14},
  pages={3201-3204},
  year={2000},
}

@article{Kong2012Markov,
  title={Markov Chain-based Degree Distributions of Evolving Networks},
  author={Kong, Xiang Xing and Hou, Zhen Ting and Shi, Ding Hua and Chen, Quan Rong and Zhao, Qing Gui},
  journal={数学学报(英文版)},
  volume={28},
  number={10},
  pages={1981-1994},
  year={2012},
}

@inproceedings{Hou2009Degree,
  title={Degree-Distribution Stability of Growing Networks},
  author={Hou, Zhenting and Kong, Xiangxing and Shi, Dinghua and Chen, Guanrong and Zhao, Qinggui},
  booktitle={International Conference on Complex Sciences},
  pages={1827-1837},
  year={2009},
}

@article{spizzirri2011justification,
  title={Justification and application of eigenvector centrality},
  author={Spizzirri, Leo},
  journal={Algebra in Geography: Eigenvectors of Network},
  year={2011}
}

@article{kaiser2008mean,
  title={Mean clustering coefficients: the role of isolated nodes and leafs on clustering measures for small-world networks},
  author={Kaiser, Marcus},
  journal={New Journal of Physics},
  volume={10},
  number={8},
  pages={083042},
  year={2008},
  publisher={IOP Publishing}
}


@inproceedings{钱学森1990一个科学新领域——开放的复杂巨系统及其方法论,
  title={一个科学新领域——开放的复杂巨系统及其方法论},
  author={钱学森 and 于景元 and 戴汝为},
  booktitle={中国系统工程学会第六次年会},
  pages={526-532},
  year={1990},
}

@article{Gilbert1959Random,
  title={Random Graphs},
  author={Gilbert, E. N.},
  journal={Annals of Mathematical Statistics},
  volume={30},
  number={4},
  pages={1141-1144},
  year={1959},
}

@article{Erd2012On,
  title={On the evolution of random graphs},
  author={Erdős, P and Rényi, A},
  journal={Transactions of the American Mathematical Society},
  volume={286},
  number={1},
  pages={257-274},
  year={2012},
}

@inproceedings{Watts1998Collectivedynamics,
  title={Collectivedynamics of ’small-world’ networks},
  author={Watts DJ and Strogatz SH},
  booktitle={Nature},
  pages={440-442},
  year={1998},
}


@article{Albert2002Statistical,
  title={Statistical mechanics of Complex Network},
  author={Albert, Reka and Barabasi, Albert Laszlo},
  journal={Review of Modern Physics},
  volume={74},
  number={1},
  pages={xii},
  year={2002},
}

@article{张建萍2007基于聚类分析的,
  title={基于聚类分析的K-means算法研究及应用},
  author={张建萍 and 刘希玉},
  journal={计算机应用研究},
  volume={24},
  number={5},
  pages={166-168},
  year={2007},
}